<record><leader>00000cas a22000007a 4500</leader><controlfield tag="001">13709330</controlfield><controlfield tag="008">860610d18701872pauwr ne      0    0eng d</controlfield><datafield ind1=" " ind2=" " tag="010"><subfield code="a">sn 86081687 </subfield></datafield><datafield ind1=" " ind2=" " tag="040"><subfield code="a">NPH</subfield><subfield code="b">eng</subfield><subfield code="c">NPH</subfield><subfield code="d">NPX</subfield><subfield code="d">NPH</subfield><subfield code="d">OCLCQ</subfield></datafield><datafield ind1="0" ind2="4" tag="245"><subfield code="a">The Greensburg tribune.</subfield></datafield><datafield ind1=" " ind2=" " tag="260"><subfield code="a">Greensburg [Pa.] :</subfield><subfield code="b">A.H. Shaw,</subfield><subfield code="c">-1872.</subfield></datafield><datafield ind1=" " ind2=" " tag="300"><subfield code="a">v. ;</subfield><subfield code="c">70 cm.</subfield></datafield><datafield ind1=" " ind2=" " tag="310"><subfield code="a">Weekly</subfield></datafield><datafield ind1="0" ind2=" " tag="362"><subfield code="a">-v. 2, no. 29 (Feb. 1, 1872).</subfield></datafield><datafield ind1="1" ind2=" " tag="362"><subfield code="a">Began with July 22, 1870 issue.</subfield><subfield code="z">Cf. Rossell, G. Pa. newspapers.</subfield></datafield><datafield ind1=" " ind2=" " tag="580"><subfield code="a">Merged with: Greensburg herald (Greensburg, Pa.); to form: Tribune and herald. Cf. Rossell, G. Pa. newspapers.</subfield></datafield><datafield ind1=" " ind2=" " tag="588"><subfield code="a">Description based on: Vol. 1, no. 2 (July 29, 1870).</subfield></datafield><datafield ind1=" " ind2=" " tag="752"><subfield code="a">United States</subfield><subfield code="b">Pennsylvania</subfield><subfield code="c">Westmoreland</subfield><subfield code="d">Greensburg.</subfield></datafield><datafield ind1="1" ind2="7" tag="785"><subfield code="t">Greensburg herald (Greensburg, Pa.)</subfield><subfield code="w">(DLC)sn 85055170</subfield></datafield><datafield ind1="1" ind2="7" tag="785"><subfield code="t">Tribune and herald</subfield><subfield code="w">(DLC)sn 83032091</subfield></datafield></record>